<?xml version="1.0" encoding="UTF-8"?><record xmlns="http://www.loc.gov/MARC21/slim" xmlns:cinclude="http://apache.org/cocoon/include/1.0" xmlns:zs="http://www.loc.gov/zing/srw/">
  <leader>01125nz  a2200241n  4500</leader>
  <controlfield tag="001">n 2013046437</controlfield>
  <controlfield tag="003">DLC</controlfield>
  <controlfield tag="005">20130725170350.0</controlfield>
  <controlfield tag="008">130725n| azannaabn          |b aaa      </controlfield>
  <datafield tag="010" ind1=" " ind2=" ">
    <subfield code="a">n 2013046437</subfield>
  </datafield>
  <datafield tag="040" ind1=" " ind2=" ">
    <subfield code="a">DLC</subfield>
    <subfield code="b">eng</subfield>
    <subfield code="c">DLC</subfield>
    <subfield code="e">rda</subfield>
  </datafield>
  <datafield tag="100" ind1="1" ind2=" ">
    <subfield code="a">Grivennai︠a︡, L. A.</subfield>
    <subfield code="q">(Li︠u︡dmila Aleksandrovna)</subfield>
  </datafield>
  <datafield tag="370" ind1=" " ind2=" ">
    <subfield code="a">Russia</subfield>
  </datafield>
  <datafield tag="372" ind1=" " ind2=" ">
    <subfield code="a">History</subfield>
    <subfield code="2">lcsh</subfield>
  </datafield>
  <datafield tag="373" ind1=" " ind2=" ">
    <subfield code="a">Ishimskiĭ gosudarstvennyĭ pedagogicheskiĭ institut im. P.P. Ershova</subfield>
  </datafield>
  <datafield tag="374" ind1=" " ind2=" ">
    <subfield code="a">Historian</subfield>
  </datafield>
  <datafield tag="375" ind1=" " ind2=" ">
    <subfield code="a">female</subfield>
  </datafield>
  <datafield tag="377" ind1=" " ind2=" ">
    <subfield code="a">rus</subfield>
  </datafield>
  <datafield tag="378" ind1=" " ind2=" ">
    <subfield code="q">Li︠u︡dmila Aleksandrovna</subfield>
  </datafield>
  <datafield tag="400" ind1="1" ind2=" ">
    <subfield code="a">Grivennai︠a︡, Li︠u︡dmila Aleksandrovna</subfield>
  </datafield>
  <datafield tag="400" ind1="1" ind2=" ">
    <subfield code="a">Гривенная, Л. А.</subfield>
    <subfield code="q">(Людмила Александровна)</subfield>
  </datafield>
  <datafield tag="667" ind1=" " ind2=" ">
    <subfield code="a">Non-Latin script reference not evaluated.</subfield>
  </datafield>
  <datafield tag="670" ind1=" " ind2=" ">
    <subfield code="a">Sot︠s︡ialʹno-psikhologicheskiĭ oblik i protestnoe dvizhenie krestʹi︠a︡nstva Zapadnoĭ Sibiri i Severnogo Kazakhstana v gody Grazhdanskoĭ voĭny (1918-1921), 2010:</subfield>
    <subfield code="b">t.p. (Л.А. Гривенная = L.A. Grivennai︠a︡) colophon (Людмила Александровна Гривенная = Li︠u︡dmila Aleksandrovna Grivennai︠a︡)</subfield>
  </datafield>
</record>